@misc{web_aibo,
  title = {aibo},
  howpublished = {\url{https://aibo.sony.jp/}},
  note = {(2024年3月1日閲覧)}
}

@misc{web_paro,
  title = {メンタルコミットロボット パロ},
  howpublished = {\url{https://www.daiwalease.co.jp/service/ict/04kaigo_paro.html}},
  note = {(2024年3月1日閲覧)}
}

@misc{web_lovot,
  title = {LOVOT},
  howpublished = {\url{https://lovot.life/}},
  note = {(2024年3月1日閲覧)}
}

@misc{web_moflin,
  title = {Moflin},
  howpublished = {\url{https://www.moflin.com/jp}},
  note = {(2024年3月1日閲覧)}
}

@misc{web_qoobo,
  title = {Qoobo},
  howpublished = {\url{https://qoobo.info/index/}},
  note = {(2024年3月1日閲覧)}
}

@misc{web_pechat,
  title = {Pechat},
  howpublished = {\url{https://pechat.jp/}},
  note = {(2024年3月1日閲覧)}
}

@misc{web_pet,
  title = {経済産業省によるコロナ禍におけるペットブームの調査},
  howpublished = {\url{https://www.meti.go.jp/statistics/toppage/report/minikaisetsu/hitokoto_kako/20230804hitokoto.html}},
  note = {(2024年3月1日閲覧)}
}

@misc{web_petfood,
  title = {一般社団法人ペットフード協会によ令和5年る全国犬猫飼育実態調査},
  howpublished = {\url{https://petfood.or.jp/data/chart2023/index.html}},
  note = {(2024年3月1日閲覧)}
}